@book{dijkstra-introduction,
  author = {Dijkstra, Edsger W.},
  title = {EWD316: A short introduction to the art of programming},
  year = {1971},
  publisher = {Technische Hogeschool},
  address = {Eindhoven, Netherlands}
}

@techreport{knuth-review-of-sp,
 author = {Knuth, Donald E.},
 title = {STAN-CS-73-371: A review of ``Structured Programming''},
 year = {1973},
 institution = {Stanford University},
 address = {California, United States},
}

@techreport{von-neumann,
  author = {von Neumann, John}, 
  title = {First draft of a report on the EDVAC}, 
  year = {1945},
  institution = {Moore School of Engineering, University of Pennsylvania},
  address = {Philadelphia, United States}
}

@article{knuth-goto,
  author = {Knuth, Donald E.},
  title = {Structured Programming with go to Statements},
  year = {1974},
  journal = {Computing Surveys},
  volume = 6,
  number = 4,
  address = {Stanford University, California, United States}
}

@book{the-c++-programming-language,
 author = {Stroustrup, Bjarne},
 title = {The  C++ Programming Language},
 year = {2000},
 isbn = {0201700735},
 edition = {3rd},
 publisher = {Addison-Wesley Longman Publishing Co., Inc.},
 address = {Boston, MA, USA},
}

@article{the-development-of-c,
 author = {Ritchie, Dennis M.},
 title = {The development of the C language},
 journal = {SIGPLAN Not.},
 issue_date = {March 1993},
 volume = {28},
 number = {3},
 month = mar,
 year = {1993},
 issn = {0362-1340},
 pages = {201--208},
 numpages = {8},
 url = {http://doi.acm.org/10.1145/155360.155580},
 doi = {10.1145/155360.155580},
 acmid = {155580},
 publisher = {ACM},
 address = {New York, NY, USA},
}

