@manual{studieordning-2009,
  title = {Den fagspecifikke del af STUDIEORDNINGEN for BACHELORUDDANNELSEN i
DATALOGI ved det Naturvidenskabelige fakultet},
  year = {2009},
  month = {September},
  organization = {KÃ¸benhavns Universitet},
  author = {KU}
}
